@article{ijspeert2013dynamical,
  title={Dynamical movement primitives: learning attractor models for motor behaviors},
  author={Ijspeert, Auke Jan and Nakanishi, Jun and Hoffmann, Heiko and Pastor, Peter and Schaal, Stefan},
  journal={Neural computation},
  volume={25},
  number={2},
  pages={328--373},
  year={2013},
  publisher={MIT Press}
}
@incollection{lioutikov2016learning,
  title={Learning manipulation by sequencing motor primitives with a two-armed robot},
  author={Lioutikov, Rudolf and Kroemer, Oliver and Maeda, Guilherme and Peters, Jan},
  booktitle={Intelligent Autonomous Systems 13},
  pages={1601--1611},
  year={2016},
  publisher={Springer}
}
@incollection{schaal2006dynamic,
  title={Dynamic movement primitives-a framework for motor control in humans and humanoid robotics},
  author={Schaal, Stefan},
  booktitle={Adaptive motion of animals and machines},
  pages={261--280},
  year={2006},
  publisher={Springer}
}
@inproceedings{park2008movement,
  title={Movement reproduction and obstacle avoidance with dynamic movement primitives and potential fields},
  author={Park, Dae-Hyung and Hoffmann, Heiko and Pastor, Peter and Schaal, Stefan},
  booktitle={Humanoid Robots, 2008. Humanoids 2008. 8th IEEE-RAS International Conference on},
  pages={91--98},
  year={2008},
  organization={IEEE}
}
@article{nemec2012action,
  title={Action sequencing using dynamic movement primitives},
  author={Nemec, Bojan and Ude, Ale{\v{s}}},
  journal={Robotica},
  volume={30},
  number={5},
  pages={837--846},
  year={2012},
  publisher={Cambridge University Press}
}
@article{deisenroth2013survey,
  title={A survey on policy search for robotics},
  author={Deisenroth, Marc Peter and Neumann, Gerhard and Peters, Jan and others},
  journal={Foundations and Trends{\textregistered} in Robotics},
  volume={2},
  number={1--2},
  pages={1--142},
  year={2013},
  publisher={Now Publishers, Inc.}
}
@article{perk2006motion,
  title={Motion primitives for robotic flight control},
  author={Perk, Baris E and Slotine, Jean-Jacques E},
  journal={arXiv preprint cs/0609140},
  year={2006}
}
@inproceedings{paraschos2013probabilistic,
  title={Probabilistic movement primitives},
  author={Paraschos, Alexandros and Daniel, Christian and Peters, Jan R and Neumann, Gerhard},
  booktitle={Advances in neural information processing systems},
  pages={2616--2624},
  year={2013}
}
@inproceedings{pastor2009learning,
  title={Learning and generalization of motor skills by learning from demonstration},
  author={Pastor, Peter and Hoffmann, Heiko and Asfour, Tamim and Schaal, Stefan},
  booktitle={Robotics and Automation, 2009. ICRA'09. IEEE International Conference on},
  pages={763--768},
  year={2009},
  organization={IEEE}
}
@inproceedings{ijspeert2003learning,
  title={Learning attractor landscapes for learning motor primitives},
  author={Ijspeert, Auke J and Nakanishi, Jun and Schaal, Stefan},
  booktitle={Advances in neural information processing systems},
  pages={1547--1554},
  year={2003}
}
@inproceedings{kober2009learning,
  title={Learning motor primitives for robotics},
  author={Kober, Jens and Peters, Jan},
  booktitle={Robotics and Automation, 2009. ICRA'09. IEEE International Conference on},
  pages={2112--2118},
  year={2009},
  organization={IEEE}
}
@article{argall2009survey,
  title={A survey of robot learning from demonstration},
  author={Argall, Brenna D and Chernova, Sonia and Veloso, Manuela and Browning, Brett},
  journal={Robotics and autonomous systems},
  volume={57},
  number={5},
  pages={469--483},
  year={2009},
  publisher={Elsevier}
}